
@book{starr_biology_2006,
	title = {Biology concepts and applications. 6th ed.},
	isbn = {978-0-534-46226-0},
	language = {English},
	publisher = {Thomson Brooks/Cole},
	author = {Starr, Cecie},
	year = {2006},
	note = {OCLC: 819453794},
}
