@Misc{NIST_ASD,
	author = {A.~Kramida and {Yu.~Ralchenko} and
	J.~Reader and {and NIST ASD Team}},
	HOWPUBLISHED = {{NIST Atomic Spectra Database
	(ver. 5.8), [Online]. Available:
	{\tt{https://physics.nist.gov/asd}} [2021, August 22].
	National Institute of Standards and Technology,
	Gaithersburg, MD.}},
	year = {2020},
}

@book{starr_biology_2006,
	title = {Biology concepts and applications. 6th ed.},
	isbn = {978-0-534-46226-0},
	language = {English},
	publisher = {Thomson Brooks/Cole},
	author = {Starr, Cecie},
	year = {2006},
	note = {OCLC: 819453794},
}
